@Article{EXOT-2016-23,
    author         = "{ATLAS Collaboration}",
    title          = "{Search for dark matter in events with a hadronically decaying vector boson and missing transverse momentum in \(pp\) collisions at \(\sqrt{s} = 13\,\text{TeV}\) with the ATLAS detector}",
    journal        = "JHEP",
    volume         = "10",
    year           = "2018",
    pages          = "180",
    doi            = "10.1007/JHEP10(2018)180",
    reportNumber   = "CERN-EP-2018-083",
    eprint         = "1807.11471",
    archivePrefix  = "arXiv",
    primaryClass   = "hep-ex",
}

@Article{EXOT-2017-32,
    author         = "{ATLAS Collaboration}",
    title          = "{Constraints on mediator-based dark matter and scalar dark energy models using \(\sqrt{s} = 13\,\text{TeV}\) \(pp\) collision data collected by the ATLAS detector}",
    journal        = "JHEP",
    volume         = "05",
    year           = "2019",
    pages          = "142",
    doi            = "10.1007/JHEP05(2019)142",
    reportNumber   = "CERN-EP-2018-334",
    eprint         = "1903.01400",
    archivePrefix  = "arXiv",
    primaryClass   = "hep-ex",
}

@Article{HIGG-2018-54,
    author         = "{ATLAS Collaboration}",
    title          = "{Combination of Searches for Invisible Higgs Boson Decays with the ATLAS Experiment}",
    journal        = "Phys. Rev. Lett.",
    volume         = "122",
    year           = "2019",
    pages          = "231801",
    doi            = "10.1103/PhysRevLett.122.231801",
    reportNumber   = "CERN-EP-2019-046",
    eprint         = "1904.05105",
    archivePrefix  = "arXiv",
    primaryClass   = "hep-ex",
}

@Booklet{ATLAS-CONF-2018-039,
    author         = "{ATLAS Collaboration}",
    title          = "{Search for Dark Matter Produced in Association with a Higgs Boson decaying to \(b\bar{b}\) at \(\sqrt{s} = 13~\text{TeV}\) with the ATLAS Detector using \(79.8~\text{fb}^{-1}\) of proton--proton collision data}",
    howpublished   = "{ATLAS-CONF-2018-039}",
    url            = "https://cds.cern.ch/record/2632344",
    year           = "2018",
}

@Booklet{ATL-PHYS-PUB-2019-032,
    author         = "{ATLAS Collaboration}",
    title          = "{RECAST framework reinterpretation of an ATLAS Dark Matter Search constraining a model of a dark Higgs boson decaying to two \(b\)-quarks}",
    howpublished   = "{ATL-PHYS-PUB-2019-032}",
    url            = "https://cds.cern.ch/record/2686290",
    year           = "2019",
}

@thesis{Gadow,
      author        = "Gadow, Paul Philipp",
      title         = "{Development of a Concept for the Muon Trigger of the
                       ATLAS Detector at the HL-LHC}",
      year          = "2016",
      reportNumber  = "CERN-THESIS-2016-056",
      url           = "https://cds.cern.ch/record/2162398",
      note          = "Presented 20 Jun 2016",
}

@Booklet{ATLAS-TDR-26,
    author         = "{ATLAS Collaboration}",
    title          = "{ATLAS Muon Spectrometer Phase-II Upgrade: Technical Design Report}",
    howpublished   = "ATLAS-TDR-26",
    url            = "https://cds.cern.ch/record/2285580",
    year           = "2017",
}
@article{HSF,
    author = "Malik, Sudhir and others",
    title = "{Software Training in HEP}",
    eprint = "2103.00659",
    archivePrefix = "arXiv",
    primaryClass = "hep-ex",
    doi = "10.1007/s41781-021-00069-9",
    journal = "Comput. Softw. Big Sci.",
    volume = "5",
    number = "1",
    pages = "22",
    year = "2021"
}
